% How to cite webpage: https://tex.stackexchange.com/questions/3587/how-can-i-use-bibtex-to-cite-a-web-page
@misc{tlc,
  title = {“TLC trip record data.”},
  author = {{New York City Taxi and Limousine Commission}},
  howpublished = {\url{https://www1.nyc.gov/site/tlc/about/tlc-trip-record-data.page}},
  note = {Accessed: 2022-08-21}
}
@misc{workalendar,
  title = {Workalendar Python Library},
  author = {{Various}},
  howpublished = {\url{https://github.com/workalendar/workalendar}},
  note = {Accessed: 2022-08-21}
}
@misc{climate,
  title = {"Integrated surface dataset.”},
  author = {{National Centers for Environmental Information}},
  howpublished = {\url{https://www.ncei.noaa.gov/access/search/data-search/global-hourly}},
  note = {Accessed: 2022-08-21}
}
@misc{uber_article,
  title = {"Uber Partners With Yellow Taxi Companies in N.Y.C.”},
  author = {{The New York Times}},
  howpublished = {\url{https://www.nytimes.com/2022/03/24/business/uber-new-york-taxis.html}},
  note = {Accessed: 2022-08-20}
}
@misc{covid,
  title = {"COVID-19 Daily Counts of Cases, Hospitalizations, and Deaths”},
  author = {{Department of Health and Mental Hygiene (DOHMH)}},
  howpublished = {\url{https://data.cityofnewyork.us/Health/COVID-19-Daily-Counts-of-Cases-Hospitalizations-an/rc75-m7u3}},
  note = {Accessed: 2022-08-19}
}
@misc{model_pois,
  title = {"Modern Applied Statistics (MAST30027), Application of GLM”},
  author = {{University of Melbourne)}},
  note = {Accessed: 2022-08-20}
}
@misc{infectious,
  title = {"What is polio? Why are authorities worried about it spreading in London and New York City?”},
  author = {{ABC News}},
  howpublished = {\url{https://www.abc.net.au/news/2022-08-20/what-is-polio-symptoms-vaccine-australia-new-york-london/101341062}},
  note = {Accessed: 2022-08-19}
}
% You should lookup the entries defined in bibtex to properly format your .bib file